<?xml version="1.0" encoding="UTF-8"?><collection xmlns="http://www.loc.gov/MARC21/slim"><record><leader>00462nam--2200109-i-4500</leader><controlfield tag="001">000041304</controlfield><controlfield tag="002">20161230</controlfield><controlfield tag="005">20161230201043</controlfield><controlfield tag="008">060222s1000------------r-----000-0-eng-d</controlfield><datafield ind1=" " ind2=" " tag="245"><subfield code="a">Sesiunea festiva de comunicari a oficiului de stat pentru metrologie, organizata in cinstea celei de-a xv-a aniversari a eliberarii patriei noastre de sub jugul fascist</subfield></datafield><datafield ind1=" " ind2=" " tag="260"><subfield code="a">Bucuresti, Directia Generala Pentru Energie, Metrologie, Standarde Si Inventii, 1960. 96 P</subfield></datafield><datafield ind1=" " ind2=" " tag="852"><subfield code="a">6961</subfield></datafield></record></collection>